@article{reber1999,
	title = {Effects of Perceptual Fluency on Judgments of Truth},
	author = {Reber, Rolf and Schwarz, Norbert},
	year = {1999},
	month = {09},
	date = {1999-09},
	journal = {Consciousness and Cognition},
	pages = {338--342},
	volume = {8},
	number = {3},
	doi = {10.1006/ccog.1999.0386},
	url = {http://dx.doi.org/10.1006/ccog.1999.0386},
	langid = {en}
}

@inbook{larson,
	title = {Measuring the Aesthetics of Reading},
	author = {Larson, Kevin and Hazlett, Richard L. and Chaparro, Barbara S. and Picard, Rosalind W.},
	year = {2007},
	publisher = {Springer London},
	pages = {41--56},
	doi = {10.1007/978-1-84628-664-3_4},
	url = {http://dx.doi.org/10.1007/978-1-84628-664-3_4},
	langid = {en}
}

@article{cheng2022,
	title = {Proving the value of visual design in scientific communication},
	author = {Cheng, Karen and Chen, Yeechi and Larson, Kevin and Rolandi, Marco},
	year = {2022},
	month = {07},
	date = {2022-07-05},
	journal = {Information Design Journal},
	pages = {80--95},
	doi = {10.1075/idj.23.1.09che},
	url = {http://dx.doi.org/10.1075/idj.23.1.09che},
	langid = {en}
}
